
<record><leader>     nam a22002891a 4500</leader><controlfield tag='005'>19900205000000.0</controlfield><controlfield tag='008'>900205s1989    mdua     b    00100 eng  </controlfield><controlfield tag='001'>990018247770106381</controlfield><datafield ind1=' ' ind2=' ' tag='035'><subfield code='a'>(MiU)001824777MIU01</subfield></datafield><datafield ind1=' ' ind2=' ' tag='010'><subfield code='a'>89001855</subfield></datafield><datafield ind1=' ' ind2=' ' tag='020'><subfield code='a'>0801838150</subfield><subfield code='q'>(alk. paper)</subfield><subfield code='0'>(uri) http://www.isbnsearch.org/isbn/0801838150</subfield></datafield><datafield ind1=' ' ind2=' ' tag='035'><subfield code='a'>(RLIN)MIUG90-B3466</subfield></datafield><datafield ind1=' ' ind2=' ' tag='035'><subfield code='a'>(OCoLC)ocm19266069</subfield><subfield code='0'>(uri) http://www.worldcat.org/oclc/19266069</subfield></datafield><datafield ind1=' ' ind2=' ' tag='040'><subfield code='d'>NhD</subfield><subfield code='d'>MiU</subfield></datafield><datafield ind1=' ' ind2=' ' tag='043'><subfield code='a'>n-us---</subfield></datafield><datafield ind1='0' ind2=' ' tag='050'><subfield code='a'>RA971.3</subfield><subfield code='b'>.P78 1989</subfield></datafield><datafield ind1='0' ind2=' ' tag='082'><subfield code='a'>362.1/0973</subfield><subfield code='2'>19</subfield></datafield><datafield ind1='0' ind2='0' tag='245'><subfield code='a'>Providing hospital services :</subfield><subfield code='b'>the changing financial environment /</subfield><subfield code='c'>Gerard F. Anderson ... [et al.].</subfield></datafield><datafield ind1=' ' ind2=' ' tag='260'><subfield code='a'>Baltimore :</subfield><subfield code='b'>Johns Hopkins University Press,</subfield><subfield code='c'>c1989.</subfield></datafield><datafield ind1=' ' ind2=' ' tag='300'><subfield code='a'>xi, 230 p. :</subfield><subfield code='b'>ill. ;</subfield><subfield code='c'>24 cm.</subfield></datafield><datafield ind1='1' ind2=' ' tag='490'><subfield code='a'>Johns Hopkins studies in health care finance and administration ;</subfield><subfield code='v'>2</subfield></datafield><datafield ind1=' ' ind2=' ' tag='504'><subfield code='a'>Bibliography: p. 205-217.</subfield></datafield><datafield ind1=' ' ind2=' ' tag='500'><subfield code='a'>Includes index.</subfield></datafield><datafield ind1=' ' ind2='0' tag='650'><subfield code='a'>Hospitals</subfield><subfield code='z'>United States</subfield><subfield code='x'>Finance.</subfield><subfield code='0'>(uri) http://id.loc.gov/authorities/subjects/sh2008121897</subfield></datafield><datafield ind1=' ' ind2='0' tag='650'><subfield code='a'>Hospitals</subfield><subfield code='x'>Protective payment.</subfield><subfield code='0'>(uri) http://id.loc.gov/authorities/subjects/sh85062285</subfield></datafield><datafield ind1='1' ind2=' ' tag='700'><subfield code='a'>Anderson, Gerard F.,</subfield><subfield code='d'>1951-</subfield><subfield code='0'>(uri) http://id.loc.gov/authorities/names/n88245075</subfield><subfield code='0'>(uri) http://viaf.org/viaf/sourceID/LC|n88245075</subfield></datafield><datafield ind1=' ' ind2='0' tag='830'><subfield code='a'>Johns Hopkins studies in health care finance and administration ;</subfield><subfield code='v'>2</subfield><subfield code='0'>(uri) http://id.loc.gov/authorities/names/n84713821</subfield><subfield code='0'>(uri) http://viaf.org/viaf/sourceID/LC|n84713821</subfield></datafield><datafield ind1=' ' ind2=' ' tag='998'><subfield code='c'>AUT</subfield><subfield code='s'>9110</subfield></datafield><datafield ind1=' ' ind2=' ' tag='958'><subfield code='a'>MiU</subfield></datafield><datafield ind1=' ' ind2=' ' tag='959'><subfield code='a'>(notis)ULAHV1814</subfield></datafield><datafield ind1=' ' ind2=' ' tag='995'><subfield code='a'>20</subfield></datafield><datafield ind1=' ' ind2=' ' tag='BIB'><subfield code='u'>2021-07-26 04:43:40 US/Eastern</subfield><subfield code='c'>2021-06-21 16:54:16 US/Eastern</subfield><subfield code='s'>false</subfield></datafield><datafield ind1='0' ind2=' ' tag='852'><subfield code='b'>HSRS</subfield><subfield code='a'>MiU</subfield><subfield code='c'>NONE</subfield><subfield code='h'>RA 971.3 .P781 1989</subfield><subfield code='8'>22950421710006381</subfield></datafield><datafield ind1=' ' ind2=' ' tag='974'><subfield code='8'>22950421710006381</subfield><subfield code='f'>1</subfield><subfield code='c'>NONE</subfield><subfield code='m'>BOOK</subfield><subfield code='a'>39015015340196</subfield><subfield code='e'>NONE</subfield><subfield code='7'>23950421700006381</subfield><subfield code='p'>01</subfield><subfield code='r'>1990-05-24 10:59:00</subfield><subfield code='h'>RA 971.3 .P781 1989</subfield><subfield code='d'>HSRS</subfield><subfield code='b'>HSRS</subfield></datafield></record>