
<record><leader>00000ncm a22002411  4500</leader><controlfield tag='005'>20130812202148.0</controlfield><controlfield tag='008'>900129s1836    fr rqa         n    lat d</controlfield><controlfield tag='001'>990018241750106381</controlfield><datafield ind1=' ' ind2=' ' tag='035'><subfield code='a'>(MiU)001824175MIU01</subfield></datafield><datafield ind1=' ' ind2=' ' tag='035'><subfield code='a'>(RLIN)MIUG90-C364</subfield></datafield><datafield ind1=' ' ind2=' ' tag='035'><subfield code='a'>(OCoLC)ocm08485322</subfield><subfield code='0'>(uri) http://www.worldcat.org/oclc/08485322</subfield></datafield><datafield ind1=' ' ind2=' ' tag='040'><subfield code='a'>MiU</subfield><subfield code='c'>MiU</subfield></datafield><datafield ind1=' ' ind2=' ' tag='045'><subfield code='a'>v8w3</subfield></datafield><datafield ind1=' ' ind2=' ' tag='048'><subfield code='a'>ca03</subfield><subfield code='a'>oa</subfield></datafield><datafield ind1=' ' ind2=' ' tag='048'><subfield code='a'>ca03</subfield><subfield code='a'>ka01</subfield></datafield><datafield ind1='1' ind2=' ' tag='100'><subfield code='a'>Cherubini, Luigi,</subfield><subfield code='d'>1760-1842.</subfield><subfield code='0'>(uri) http://id.loc.gov/authorities/names/n79046131</subfield><subfield code='0'>(uri) http://viaf.org/viaf/sourceID/LC|n79046131</subfield></datafield><datafield ind1='1' ind2='0' tag='240'><subfield code='a'>Requiems,</subfield><subfield code='n'>no. 2,</subfield><subfield code='r'>D minor</subfield></datafield><datafield ind1='1' ind2='0' tag='245'><subfield code='a'>Deuxième messe de requiem :</subfield><subfield code='b'>pour voix d&apos;hommes avec accompagnement à grand orchestre ou piano /</subfield><subfield code='c'>composée par L. Cherubini.</subfield></datafield><datafield ind1=' ' ind2=' ' tag='260'><subfield code='a'>Paris :</subfield><subfield code='b'>Chez l&apos;auteur,</subfield><subfield code='c'>[1836?]</subfield></datafield><datafield ind1=' ' ind2=' ' tag='300'><subfield code='a'>1 p. l., score (140 p.)</subfield><subfield code='c'>35 cm.</subfield></datafield><datafield ind1=' ' ind2=' ' tag='500'><subfield code='a'>For chorus (TTB) and orchestra; includes piano reduction of the acc.</subfield></datafield><datafield ind1=' ' ind2=' ' tag='590'><subfield code='a'>Stellfeld purchase 1954.</subfield></datafield><datafield ind1=' ' ind2='0' tag='650'><subfield code='a'>Requiems</subfield><subfield code='v'>Scores.</subfield><subfield code='0'>(uri) http://id.loc.gov/authorities/subjects/sh85112987</subfield></datafield><datafield ind1=' ' ind2=' ' tag='997'><subfield code='a'>MARS</subfield></datafield><datafield ind1=' ' ind2=' ' tag='998'><subfield code='c'>SMB</subfield><subfield code='s'>9124</subfield></datafield><datafield ind1=' ' ind2=' ' tag='958'><subfield code='a'>MiU</subfield></datafield><datafield ind1=' ' ind2=' ' tag='959'><subfield code='a'>(notis)ULAHV1211</subfield></datafield><datafield ind1=' ' ind2=' ' tag='995'><subfield code='a'>20</subfield></datafield><datafield ind1=' ' ind2=' ' tag='BIB'><subfield code='u'>2021-07-17 09:35:39 US/Eastern</subfield><subfield code='c'>2021-06-21 16:54:16 US/Eastern</subfield><subfield code='s'>false</subfield></datafield><datafield ind1='0' ind2=' ' tag='852'><subfield code='b'>MUSIC</subfield><subfield code='a'>MiU</subfield><subfield code='c'>RAR</subfield><subfield code='h'>M 2010 .C52 R42</subfield><subfield code='8'>22950421560006381</subfield></datafield><datafield ind1=' ' ind2=' ' tag='974'><subfield code='8'>22950421560006381</subfield><subfield code='f'>1</subfield><subfield code='c'>RAR</subfield><subfield code='m'>SCORE</subfield><subfield code='a'>B616356</subfield><subfield code='e'>RAR</subfield><subfield code='7'>23950421550006381</subfield><subfield code='p'>08</subfield><subfield code='r'>1990-01-29 10:59:00</subfield><subfield code='h'>M 2010 .C52 R42</subfield><subfield code='d'>MUSIC</subfield><subfield code='b'>MUSIC</subfield></datafield></record>