
<record><leader>00000cam a22004577i 4500</leader><controlfield tag='005'>20180611093048.0</controlfield><controlfield tag='008'>180118t20172017caua     b    000 0 eng d</controlfield><controlfield tag='001'>990161211270106381</controlfield><datafield ind1=' ' ind2=' ' tag='035'><subfield code='a'>(MiU)016121127MIU01</subfield></datafield><datafield ind1=' ' ind2=' ' tag='020'><subfield code='a'>1681740184</subfield><subfield code='q'>(paperback)</subfield><subfield code='0'>(uri) http://www.isbnsearch.org/isbn/1681740184</subfield></datafield><datafield ind1=' ' ind2=' ' tag='020'><subfield code='a'>9781681740188</subfield><subfield code='q'>(paperback)</subfield><subfield code='0'>(uri) http://www.isbnsearch.org/isbn/9781681740188</subfield></datafield><datafield ind1=' ' ind2=' ' tag='020'><subfield code='z'>9781681740819</subfield><subfield code='q'>(ebook)</subfield></datafield><datafield ind1=' ' ind2=' ' tag='020'><subfield code='z'>9781681742106</subfield><subfield code='q'>(mobi)</subfield></datafield><datafield ind1='7' ind2=' ' tag='024'><subfield code='a'>10.1088/978-1-6817-4082-9</subfield><subfield code='2'>doi</subfield></datafield><datafield ind1=' ' ind2=' ' tag='035'><subfield code='a'>(coutts)cts21501998</subfield></datafield><datafield ind1=' ' ind2=' ' tag='035'><subfield code='a'>(OCoLC)1019747880</subfield><subfield code='0'>(uri) http://www.worldcat.org/oclc/1019747880</subfield></datafield><datafield ind1=' ' ind2=' ' tag='035'><subfield code='a'>(OCoLC)on1019747880</subfield><subfield code='0'>(uri) http://www.worldcat.org/oclc/1019747880</subfield></datafield><datafield ind1=' ' ind2=' ' tag='040'><subfield code='a'>YDX</subfield><subfield code='b'>eng</subfield><subfield code='e'>rda</subfield><subfield code='c'>YDX</subfield><subfield code='d'>HLS</subfield></datafield><datafield ind1=' ' ind2='4' tag='050'><subfield code='a'>QB817</subfield><subfield code='b'>.C654 2017</subfield></datafield><datafield ind1=' ' ind2='4' tag='050'><subfield code='a'>QC179</subfield><subfield code='b'>.C64 2017</subfield></datafield><datafield ind1='0' ind2='4' tag='082'><subfield code='a'>523.8/2</subfield><subfield code='2'>23</subfield></datafield><datafield ind1='1' ind2=' ' tag='100'><subfield code='a'>Colacino, Carlo Nicola,</subfield><subfield code='e'>author.</subfield><subfield code='0'>(uri) http://id.loc.gov/authorities/names/no2018084826</subfield><subfield code='0'>(uri) http://viaf.org/viaf/sourceID/LC|no2018084826</subfield></datafield><datafield ind1='1' ind2='0' tag='245'><subfield code='a'>Detecting the stochastic gravitational-wave background /</subfield><subfield code='c'>Carlo Nicola Colacino.</subfield></datafield><datafield ind1=' ' ind2='1' tag='264'><subfield code='a'>San Rafael, CA :</subfield><subfield code='b'>Morgan &amp; Claypool Publishers,</subfield><subfield code='c'>[2017]</subfield></datafield><datafield ind1=' ' ind2='4' tag='264'><subfield code='c'>© 2017</subfield></datafield><datafield ind1=' ' ind2=' ' tag='300'><subfield code='a'>1 volume (various pagings) :</subfield><subfield code='b'>color illustrations ;</subfield><subfield code='c'>26 cm.</subfield></datafield><datafield ind1=' ' ind2=' ' tag='336'><subfield code='a'>text</subfield><subfield code='b'>txt</subfield><subfield code='2'>rdacontent</subfield></datafield><datafield ind1=' ' ind2=' ' tag='337'><subfield code='a'>unmediated</subfield><subfield code='b'>n</subfield><subfield code='2'>rdamedia</subfield></datafield><datafield ind1=' ' ind2=' ' tag='338'><subfield code='a'>volume</subfield><subfield code='b'>nc</subfield><subfield code='2'>rdacarrier</subfield></datafield><datafield ind1='0' ind2=' ' tag='490'><subfield code='a'>IOP concise physics,</subfield><subfield code='x'>2053-2571</subfield></datafield><datafield ind1=' ' ind2=' ' tag='500'><subfield code='a'>&quot;Version: 20171201&quot;--Verso of title page.</subfield></datafield><datafield ind1=' ' ind2=' ' tag='500'><subfield code='a'>&quot;A Morgan &amp; Claypool publication as part of IOP Concise Physics&quot;--Title page verso.</subfield></datafield><datafield ind1=' ' ind2=' ' tag='504'><subfield code='a'>Includes bibliographical references.</subfield></datafield><datafield ind1='3' ind2=' ' tag='520'><subfield code='a'>The stochastic gravitational-wave background (SGWB) is by far the most difficult source of gravitational radiation detect. At the same time, it is the most interesting and intriguing one. This book describes the initial detection of the SGWB and describes the underlying mathematics behind one of the most amazing discoveries of the 21st century. On the experimental side it would mean that interferometric gravitational wave detectors work even better than expected. On the observational side, such a detection could give us information about the very early Universe, information that could not be obtained otherwise. Even negative results and improved upper bounds could put constraints on many cosmological and particle physics models.</subfield></datafield><datafield ind1=' ' ind2='0' tag='650'><subfield code='a'>Gravitational waves.</subfield><subfield code='0'>(uri) http://id.worldcat.org/fast/fst00946882</subfield><subfield code='0'>(uri) http://id.loc.gov/authorities/subjects/sh85056562</subfield></datafield><datafield ind1=' ' ind2='0' tag='650'><subfield code='a'>General relativity (Physics)</subfield><subfield code='0'>(uri) http://id.loc.gov/authorities/subjects/sh85053765</subfield></datafield><datafield ind1=' ' ind2='0' tag='650'><subfield code='a'>Astrophysics.</subfield><subfield code='0'>(uri) http://id.loc.gov/authorities/subjects/sh85009032</subfield></datafield><datafield ind1=' ' ind2='7' tag='650'><subfield code='a'>Gravitational waves.</subfield><subfield code='2'>fast</subfield><subfield code='0'>(OCoLC)fst00946882</subfield><subfield code='0'>(uri) http://id.worldcat.org/fast/fst00946882</subfield><subfield code='0'>(uri) http://id.loc.gov/authorities/subjects/sh85056562</subfield></datafield><datafield ind1='0' ind2='8' tag='776'><subfield code='i'>Online version:</subfield><subfield code='a'>Colacino, Carlo Nicola.</subfield><subfield code='t'>Detecting the stochastic gravitational-wave background</subfield><subfield code='w'>(OCoLC)1019445691</subfield></datafield><datafield ind1=' ' ind2=' ' tag='994'><subfield code='a'>Z0</subfield><subfield code='b'>EYM</subfield></datafield><datafield ind1=' ' ind2=' ' tag='997'><subfield code='a'>MARS</subfield></datafield><datafield ind1=' ' ind2=' ' tag='998'><subfield code='c'>dawnw-A&amp;A CopyCat20180611</subfield></datafield><datafield ind1=' ' ind2=' ' tag='958'><subfield code='a'>MiU</subfield></datafield><datafield ind1=' ' ind2=' ' tag='995'><subfield code='a'>20</subfield></datafield><datafield ind1=' ' ind2=' ' tag='BIB'><subfield code='u'>2021-07-17 09:17:38 US/Eastern</subfield><subfield code='c'>2021-06-21 16:54:16 US/Eastern</subfield><subfield code='s'>false</subfield></datafield><datafield ind1='0' ind2=' ' tag='852'><subfield code='b'>SHAP</subfield><subfield code='a'>MiU</subfield><subfield code='c'>SCI</subfield><subfield code='h'>QB 817 .C654 2017</subfield><subfield code='8'>22950421470006381</subfield></datafield><datafield ind1=' ' ind2=' ' tag='974'><subfield code='8'>22950421470006381</subfield><subfield code='f'>1</subfield><subfield code='c'>SCI</subfield><subfield code='m'>BOOK</subfield><subfield code='a'>39015101325531</subfield><subfield code='e'>SCI</subfield><subfield code='7'>23950421460006381</subfield><subfield code='p'>01</subfield><subfield code='r'>2018-04-09 10:59:00</subfield><subfield code='h'>QB 817 .C654 2017</subfield><subfield code='d'>SHAP</subfield><subfield code='b'>SHAP</subfield></datafield></record>