
<record><leader>     nam a22003371  4500</leader><controlfield tag='005'>19890208000000.0</controlfield><controlfield tag='008'>890208s1970    enka     b    00110 eng d</controlfield><controlfield tag='001'>990010351470106381</controlfield><datafield ind1=' ' ind2=' ' tag='035'><subfield code='a'>(MiU)001035147MIU01</subfield></datafield><datafield ind1=' ' ind2=' ' tag='010'><subfield code='a'>73532560 //r83</subfield></datafield><datafield ind1=' ' ind2=' ' tag='015'><subfield code='a'>B70-24610</subfield></datafield><datafield ind1=' ' ind2=' ' tag='020'><subfield code='a'>0416149804</subfield><subfield code='c'>£5/5/-</subfield><subfield code='0'>(uri) http://www.isbnsearch.org/isbn/0416149804</subfield></datafield><datafield ind1=' ' ind2=' ' tag='035'><subfield code='a'>(CaOTULAS)176074396</subfield></datafield><datafield ind1=' ' ind2=' ' tag='035'><subfield code='a'>(SAZTEC)108305360</subfield></datafield><datafield ind1=' ' ind2=' ' tag='035'><subfield code='a'>(OCoLC)ocm00115164</subfield><subfield code='0'>(uri) http://www.worldcat.org/oclc/00115164</subfield></datafield><datafield ind1=' ' ind2=' ' tag='040'><subfield code='a'>DLC</subfield><subfield code='c'>DLC</subfield></datafield><datafield ind1='1' ind2=' ' tag='041'><subfield code='a'>engcze</subfield></datafield><datafield ind1='0' ind2='0' tag='050'><subfield code='a'>QD553</subfield><subfield code='b'>.K6713</subfield></datafield><datafield ind1=' ' ind2=' ' tag='082'><subfield code='a'>541/.37</subfield></datafield><datafield ind1='1' ind2=' ' tag='100'><subfield code='a'>Koryta, Jiří.</subfield><subfield code='0'>(uri) http://id.loc.gov/authorities/names/n50042675</subfield><subfield code='0'>(uri) http://viaf.org/viaf/sourceID/LC|n50042675</subfield></datafield><datafield ind1='1' ind2='0' tag='240'><subfield code='a'>Elektrochemie.</subfield><subfield code='l'>English</subfield></datafield><datafield ind1='0' ind2='0' tag='245'><subfield code='a'>Electrochemistry</subfield><subfield code='c'>[by] J. Koryta, J. Dvořák [and] V. Boháčková. [Translated from the Czech].</subfield></datafield><datafield ind1=' ' ind2=' ' tag='260'><subfield code='a'>London,</subfield><subfield code='b'>Methuen,</subfield><subfield code='c'>1970.</subfield></datafield><datafield ind1=' ' ind2=' ' tag='300'><subfield code='a'>xv, 350 p.</subfield><subfield code='b'>illus.</subfield><subfield code='c'>25 cm.</subfield></datafield><datafield ind1=' ' ind2=' ' tag='500'><subfield code='a'>Translation of Elektrochemie.</subfield></datafield><datafield ind1=' ' ind2=' ' tag='500'><subfield code='a'>Distributed in the U.S.A. by Barnes &amp; Noble.</subfield></datafield><datafield ind1=' ' ind2=' ' tag='504'><subfield code='a'>Includes bibliographies.</subfield></datafield><datafield ind1=' ' ind2='0' tag='650'><subfield code='a'>Electrochemistry</subfield><subfield code='0'>(uri) http://id.loc.gov/authorities/subjects/sh85042105</subfield></datafield><datafield ind1='1' ind2=' ' tag='700'><subfield code='a'>Dvořák, Jiří,</subfield><subfield code='e'>joint author.</subfield><subfield code='0'>(uri) http://id.loc.gov/authorities/names/n50028780</subfield><subfield code='0'>(uri) http://viaf.org/viaf/sourceID/LC|n50028780</subfield></datafield><datafield ind1='1' ind2=' ' tag='700'><subfield code='a'>Boháčková, Vlasta,</subfield><subfield code='e'>joint author.</subfield><subfield code='0'>(uri) http://id.loc.gov/authorities/names/no2015167370</subfield><subfield code='0'>(uri) http://viaf.org/viaf/sourceID/LC|no2015167370</subfield></datafield><datafield ind1=' ' ind2=' ' tag='998'><subfield code='c'>UTL</subfield><subfield code='s'>9662</subfield></datafield><datafield ind1=' ' ind2=' ' tag='958'><subfield code='a'>MiU</subfield></datafield><datafield ind1=' ' ind2=' ' tag='959'><subfield code='a'>(notis)ULAEK5776</subfield></datafield><datafield ind1=' ' ind2=' ' tag='995'><subfield code='a'>20</subfield></datafield><datafield ind1=' ' ind2=' ' tag='BIB'><subfield code='u'>2021-07-17 17:51:02 US/Eastern</subfield><subfield code='c'>2021-06-21 16:54:14 US/Eastern</subfield><subfield code='s'>false</subfield></datafield><datafield ind1='0' ind2=' ' tag='852'><subfield code='b'>SHAP</subfield><subfield code='a'>MiU</subfield><subfield code='c'>SCI</subfield><subfield code='h'>QD 553 .K863</subfield><subfield code='8'>22950419330006381</subfield></datafield><datafield ind1=' ' ind2=' ' tag='974'><subfield code='8'>22950419330006381</subfield><subfield code='f'>1</subfield><subfield code='c'>SCI</subfield><subfield code='m'>BOOK</subfield><subfield code='a'>39015016008743</subfield><subfield code='e'>SCI</subfield><subfield code='7'>23950419320006381</subfield><subfield code='p'>01</subfield><subfield code='r'>1990-02-14 10:59:00</subfield><subfield code='h'>QD 553 .K863</subfield><subfield code='d'>SHAP</subfield><subfield code='b'>SHAP</subfield></datafield></record>
</collection>